@article{fortnow2009viewpoint,
  title={Viewpoint Time for computer science to grow up},
  author={Fortnow, Lance},
  journal={Communications of the ACM},
  volume={52},
  number={8},
  pages={33--35},
  year={2009},
  publisher={ACM}
}

@incollection{knuth1983simple,
  title={Simple word problems in universal algebras},
  author={Knuth, Donald E and Bendix, Peter B},
  booktitle={Automation of Reasoning: Classical papers on computational logic 1957--1966},
  editor = {Siekmann, JÃ¶rg H.  and Wrightson, Graham},
  pages={342--376},
  year={1983},
  publisher={Springer}
}

@book{yoga,
  title={The Top 100 Best Yoga Poses Relieve Stress, Increase Flexibility, and Gain Strength},
  author={Hollister, Susan},
  year={2017},
  publisher={Addison-Wesley}
}

@misc{bib,
author = {Oren Patashnik},
title={{BibTeXing}},
howpublished={Dosegljivo: \url{http://bibtexml.sourceforge.net/btxdoc.pdf}},
note = {[Dostopano 5. 6. 2016]},
year = 1988
}

@misc{pdfa,
key = {pdfa},
title={{PDF/A}},
howpublished={Dosegljivo: \url{http://en.wikipedia.org/wiki/PDF/A}},
note = {[Dostopano: 5. 6. 2016]},
year = 2005
}

@article{leonardo,
  title={15 seconds of fame},
  author={Solina, Franc},
  journal={Leonardo},
  volume={37},
  number={2},
  pages={105--110},
  year={2004},
  publisher={MIT Press}
}

@incollection{poglavje_springer,
  title={Art---A Perfect Testbed for Computer Vision Related Research},
  author={Peer, Peter and Batagelj, Borut},
  booktitle={Recent Advances in Multimedia Signal Processing and Communications},
  pages={611--629},
  year={2009},
  publisher={Springer}
}

@techreport{andersen2012kinect,
  title={Kinect depth sensor evaluation for computer vision applications},
  author={Andersen, Michael Riis and Jensen, Thomas and Lisouski, Pavel and Mortensen, Anders Krogh and Hansen, Mikkel Kragh and Gregersen, Torben and Ahrendt, Peter},
  year={2012},
  institution={Department of Engineering, Aarhus University}
}

@techreport{diploma,
Title                    = {Vizualizacija},
Author                = {Balon, Andreja},
institution            = {Fakulteta za elektrotehniko in ra\v{c}unalni\v{s}tvo, Univerza v Ljubljani},
Year                    = {1990},
type                    = {Diplomska naloga}
}

@misc{oJogi,
title={O jogi},
key = {Hatha Joga},
howpublished={Dosegljivo: \url{https://www.hathajoga.si/joga}},
note = {[Dostopano: 20. 5. 2021]},
}

@misc{zgodovinaJoge,
title={Zgodovina joge},
key = {Hatha Joga},
howpublished={Dosegljivo: \url{https://www.hathajoga.si/zgodovina-joge}},
note = {[Dostopano: 20. 5. 2021]},
}

@misc{Asane,
title={Asane},
key = {Asane},
howpublished={Dosegljivo: \url{https://www.vodenevadbe.si/post/kaj-pomeni-beseda-asana}},
note = {[Dostopano: 26. 5. 2021]},
}

@misc{verywellfit,
title={verywellfit},
key = {VWF},
howpublished={Dosegljivo: \url{https://www.verywellfit.com}},
note = {[Dostopano: 5. 6. 2021]},
}

@misc{npm,
title={npm},
key = {npm},
howpublished={Dosegljivo: \url{https://docs.npmjs.com/cli/v6/commands/npm}},
note = {[Dostopano: 25. 6. 2021]},
}

@misc{RN,
title={RN},
key = {RN},
howpublished={Dosegljivo: \url{https://www.netguru.com/glossary/react-native}},
note = {[Dostopano: 25. 6. 2021]},
}

@misc{EXPO,
title={EXPO},
key = {EXPO},
howpublished={Dosegljivo: \url{https://docs.expo.io/}},
note = {[Dostopano: 25. 6. 2021]},
}

@misc{Express,
title={Express},
key = {Express},
howpublished={Dosegljivo: \url{https://expressjs.com/}},
note = {[Dostopano: 21. 7. 2021]},
}

@misc{JS,
title={JS},
key = {JS},
howpublished={Dosegljivo: \url{https://www.theserverside.com/definition/JavaScript}},
note = {[Dostopano: 21. 7. 2021]},
}

@misc{TS,
title={TS},
key = {TS},
howpublished={Dosegljivo: \url{https://www.typescriptlang.org/}},
note = {[Dostopano: 20. 7. 2021]},
}

@misc{VSC,
title={VSC},
key = {VSC},
howpublished={Dosegljivo: \url{https://www.educative.io/edpresso/what-is-visual-studio-code}},
note = {[Dostopano: 15. 7. 2021]},
}

@misc{MySQL,
title={MySQL},
key = {MySQL},
howpublished={Dosegljivo: \url{https://www.digitalocean.com/community/tutorials/what-is-mysql}},
note = {[Dostopano: 15. 8. 2021]},
}

@misc{TablePlus,
title={TablePlus},
key = {TablePlus},
howpublished={Dosegljivo: \url{https://mariadb.com/kb/en/tableplus/}},
note = {[Dostopano: 20. 7. 2021]},
}

@misc{Git,
title={Git},
key = {Git},
howpublished={Dosegljivo: \url{https://git-scm.com/}},
note = {[Dostopano: 15. 8. 2021]},
}

@misc{SQL,
title={SQL},
key = {SQL},
howpublished={Dosegljivo: \url{http://colos.fri.uni-lj.si/eri/RACUNALNISTVO/PODAT_PLAT_RAZ_PO/sql.html}},
note = {[Dostopano: 25. 8. 2021]},
}

@misc{trackyoga,
title={trackyoga},
key = {trackyoga},
howpublished={Dosegljivo: \url{https://trackyoga.app/}},
note = {[Dostopano: 2. 9. 2021]},
}

@misc{yoga108,
title={yoga108},
key = {yoga108},
howpublished={Dosegljivo: \url{https://play.google.com/store/apps/details?id=com.yogiclife&hl=en_US&gl=US}},
note = {[Dostopano: 2. 9. 2021]},
}
